
@article{tesfatsion2006agent,
  title={Agent-based computational economics: A constructive approach to economic theory},
  author={Tesfatsion, Leigh},
  journal={Handbook of computational economics},
  volume={2},
  pages={831--880},
  year={2006},
  publisher={Elsevier}
}

@incollection{DAWID201863,
title = "Chapter 2 - Agent-Based Macroeconomics.",
editor = "Cars Hommes and Blake LeBaron",
series = "Handbook of Computational Economics",
publisher = "Elsevier",
volume = "4",
pages = "63 - 156",
year = "2018",
booktitle = "Handbook of Computational Economics",
issn = "1574-0021",
doi = "https://doi.org/10.1016/bs.hescom.2018.02.006",
url = "http://www.sciencedirect.com/science/article/pii/S1574002118300066",
author = "Dawid,Herbert  and {Delli Gatti},Domenico ",
language = {spanish},
keywords = "Agent-based macroeconomics, Aggregation, Heterogeneity, Behavioral rules, Business fluctuations, Economic policy"
}

@article{colander2004changing,
  title={The changing face of mainstream economics},
  author={Colander, David and Holt, Richard and Rosser Jr, Barkley},
  journal={Review of Political Economy},
  volume={16},
  number={4},
  pages={485--499},
  year={2004},
  publisher={Taylor \& Francis}
}

@article{castaneda2009sociomatica,
  title={" Sociom{\'a}tica": El estudio de los sistemas adaptables complejos en el entorno socioecon{\'o}mico},
  author={Casta{\~n}eda, Gonzalo},
  journal={El Trimestre Econ{\'o}mico},
  pages={5--64},
  year={2009},
  publisher={JSTOR}
}

@article{caiani2016agent,
  title={Agent based-stock flow consistent macroeconomics: Towards a benchmark model},
  author={Caiani, Alessandro and Godin, Antoine and Caverzasi, Eugenio and Gallegati, Mauro and Kinsella, Stephen and Stiglitz, Joseph E},
  journal={Journal of Economic Dynamics and Control},
  volume={69},
  pages={375--408},
  year={2016},
  publisher={Elsevier}
}

@article{lewis1954,
author = {Lewis, W. Arthur},
title = {Economic Development with Unlimited Supplies of Labour},
journal = {The Manchester School},
volume = {22},
number = {2},
pages = {139-191},
doi = {https://doi.org/10.1111/j.1467-9957.1954.tb00021.x},
url = {https://onlinelibrary.wiley.com/doi/abs/10.1111/j.1467-9957.1954.tb00021.x},
eprint = {https://onlinelibrary.wiley.com/doi/pdf/10.1111/j.1467-9957.1954.tb00021.x},
year = {1954}
}

@book{ros2001development,
  title={Development theory and the economics of growth},
  author={Ros, Jaime},
  year={2001},
  publisher={University of Michigan Press}
}

@article{london2008dualismo,
  title={Dualismo y endeudamiento a la luz del an{\'a}lisis no lineal},
  author={London, Silvia and Schrod, Martin},
  journal={El trimestre econ{\'o}mico},
  volume={75},
  pages={69--95},
  year={2008}
}
@article{assenza2015emergent,
  title={Emergent dynamics of a macroeconomic agent based model with capital and credit},
  author={Assenza, Tiziana and Gatti, Domenico Delli and Grazzini, Jakob},
  journal={Journal of Economic Dynamics and Control},
  volume={50},
  pages={5--28},
  year={2015},
  publisher={Elsevier}
}